@article{gneiting-et-al:2007,
  author={Gneiting, Tilmann and Balabdaoui, Fadoua and Raftery, Adrian E},
  year={2007},
  title={Probabilistic forecasts, calibration and sharpness},
  journal={Journal of the Royal Statistical Society: Series B
           (Statistical Methodology)},
  volume={69},
  number={2},
  pages={243--268}
}

@article{weber-et-al:2014,
  author = {S. Weber and B. Carpenter and D. Lee and F. Bois and A. Gelman and
            A. Racine},
  year = {2014},
  title = {Bayesian Drug Disease Model with {S}tan---Using published
           longitudinal data summaries in population models},
  journal = {Abstracts of the Annual Meeting of the Population Group in
             Europe}
}

@article{gastonguay-et-al:2010,
  author = {Marc R. Gastonguay1 and William R. Gillespie and Robert
            J. Bauer},
  year = {2010},
  title = {Comparison of {MCMC} simulation results using {NONMEM} 7
           or {WinBUGS} with {BUGSModelLibrary}},
  journal = {Abstracts of the Annual Meeting of the Population Group in
             Europe}
}

@book{gelman-et-al:2013,
  Author = {Gelman, Andrew and Carlin, J.~B. and Stern, Hal S. and Dunson, David B. and Vehtari, Aki and Rubin, Donald B.},
  Edition = {Third},
  Publisher = {Chapman \&Hall/CRC Press},
  Title = {Bayesian Data Analysis},
  Year = {2013},
  Address = {London}
}
  

@article{wainwright-jordan:2008,
 Author = {Wainwright, M.~J. and Jordan, M.~I.},
 Title = {Graphical models, exponential families, and variational inference},
 Volume = {1},
 Pages = {1--305},
 Year = {2008},
 Journal = {Foundations and Trends in Machine Learning}
}

@incollection{neal:2011,
  Author = {Neal, Radford},
  Year = {2011},
  Title = {{MCMC} Using {H}amiltonian Dynamics},
  Booktitle = {Handbook of {M}arkov Chain {M}onte {C}arlo},
  Editor = {Brooks, Steve and Gelman, Andrew and Jones, Galin L. and Meng, Xiao-Li},
  Publisher = {Chapman and Hall/CRC},
  Pages = {116--162}
}

@article{tobias-et-al:2011,
  author={Tobias, SM and Dagon, K and Marston, JB},
  year={2011},
  title={Astrophysical fluid dynamics via direct statistical simulation},
  journal={The Astrophysical Journal},
  volume={727},
  number={2},
  pages={1--12}
}

@article{charney-phillips:1953,
  author={Charney, Jule G. and Phillips, N. A.},
  year={1953},
  title={Numerical integration of the quasi-geostrophic 
         equations for barotropic and simple baroclinic flows},
  journal={Journal of Meteorology},
  volume={10},
  number={2},
  pages={71--99},
}

@incollection{johannes-polson:2010,
  author = {Michael Johannes and Nicholas Polson},
  year = {2010},
  title = {MCMC Methods for Continuous-Time Financial Econometrics},
  booktitle = {Handbook of Financial Econometrics: Applications},
  editor = {Yacine A\"it-Sahalia and Lars Peter Hansen},
  publisher = {Elsevier}
}

@book{gopalsamy:2013,
  author={Gopalsamy, Kondalsamy},
  year={2013},
  title={Stability and Oscillations in Delay Differential Equations
         of Population Dynamics},
  publisher={Springer}
}

@article{carpenter-et-al:2015,
  author = {Bob Carpenter and Matthew D. Hoffman and Marcus Brubaker 
            and Daniel Lee and Peter Li and Michael Betancourt},
  year={2015},
  title = {The {Stan} Math Library: Reverse-Mode Automatic Differentiation in {C++}},
  journal = {arXiv},
  volume={1509.07164}
}
@incollection{lee-hovland:2002,
  author={Lee, Steven L.\ and Hovland, Paul D.\ },
  title={Sensitivity analysis using parallel {ODE} solvers
         and automatic differentiation in {C}: {SensPVODE} and {ADIC}},
  booktitle={Automatic differentiation of algorithms},
  editor = {George Corliss and Christ\`ele Faure and Andrewas Griewank 
            and Laurent Hasco\"et and  Uwe Naumann},
  pages={223--229},
  year={2002},
  publisher={Springer}
}
@techreport{serban-hindmarsh:2003,
  author={Serban, Radu and Hindmarsh, Alan C},
  year={2003},
  title={CVODES: An ODE solver with sensitivity analysis capabilities},
  number={Technical Report UCRL-JP-200039},
  institution={Lawrence Livermore National Laboratory}
}

@book{mcelreath:2016,
  author={McElreath, Richard},
  year={2016},
  title={Statistical Rethinking: A Bayesian Course with Examples in R and Stan},
  publisher={Chapman \& Hall/CRC Press}
}

@article{rubio-campillo:2016,
  author={Rubio-Campillo, Xavier},
  year={2016},
  title={Model Selection in Historical Research Using Approximate 
         {B}ayesian Computation},
  journal={PloS one},
  volume={11},
  number={1},
  pages={e0146491}
}

@article{carpenter-et-al:2016,
  author = {Bob Carpenter and  Andrew Gelman and  Matt Hoffman and  Daniel Lee and  Ben
  Goodrich and  Michael Betancourt and  Marcus Brubaker and  Jiqiang Guo and  Peter
  Li and  and Allen Riddell},
  year = {2016},
  title = {Stan: A probabilistic programming language},
  journal = {Journal of Statistical Software},
  volume = {in press}
}

@book{alifanov:2012,
  author={Alifanov, Oleg M},
  title={Inverse heat transfer problems},
  year={2012},
  publisher={Springer}
}

@article{liang-wu:2012,
  author={Liang, Hua and Wu, Hulin}, 
  year={2012},
  title={Parameter estimation for differential equation models
         using a framework of measurement error in regression models},
  journal={Journal of the American Statistical Association},
  volume={103},
  number={484},
  pages={1570--1583}
}


@article{manzoni-porporato:2009,
  author={Manzoni, Stefano and Porporato, Amilcare},
  year={2009},
  title={Soil carbon and nitrogen mineralization: theory and models across scales},
  journal={Soil Biology and Biochemistry},
  volume={41},
  number={7},
  pages={1355--1379}
}

@article{calderhead-girolami:2011,
  author={Calderhead, Ben and Girolami, Mark},
  year={2011},
  title={Statistical analysis of nonlinear dynamical systems
         using differential geometric sampling methods},
  journal={Interface Focus},
  volume={1},
  number={6},
  pages={821--835}
}

@article{moler-vanloan:2003,
  Author = {Moler, Cleve and Van Loan, Charles},
  Year = {2003},
  Title = {Nineteen dubious ways to compute the exponential of a
           matrix, twenty-five years later},
  Journal = {SIAM review},
  Volume = {45},
  Number = {1},
  Pages = {3--49}
}

@article{sidje:1998,
  Author = {Sidje, R.\ B.\ },
  Year = {1998},
  Title = {Expokit: A Software Package for Computing Matrix Exponentials}, 
  Journal = {ACM Trans. Math. Softw.},
  Volume = {24},
  Number = {1},
  Pages = {130--156},
}

@article{lunn-et-al:2000,
  Author = {Lunn, D.~J.\ and Thomas, A. and Best, N. and Spiegelhalter, D.},
  Year = {2000},
  Title = {{WinBUGS} -- a {B}ayesian modelling framework: concepts,
           structure, and extensibility},
  Journal = {Statistics and Computing},
  Pages = {325--337},
  Volume = {10}
}

@unpublished{gillespie-gastonguay:2009,
  Author = {W.~R.\ Gillespie and M.~R.\ Gastonguay},
  Year = {2009},
  Title = {{BUGSModelLibrary}: {A} Prototype Model Library for
           {B}ayesian {PKPD} Modeling in {WinBUGS}},
  Note = {American Conference on Pharmacometrics},
  Month = {October}
}

@article{baron-gastonguay:2015,
  Author = {Kyle T.\ Baron and Marc R.\ Gastonguay},
  Year = {2015},
  Title = {Simulation from {ODE}-Based Population {PK/PD}
           and Systems Pharmacology Models in {R} with {\tt mrgsolve}},
  Journal = {J Pharmacokinet Pharmacodyn},
  Number = {W-23},
  Pages = {S84--S85},
  Volume = {42}
}

@article{bergsma-et-al:2013,
  Author = {Bergsma, Timothy T and Knebel, William and Fisher, 
            Jeannine and Gillespie, William R.\ and Riggs, Matthew 
            M.\ and Gibiansky, Leonid and Gastonguay, Marc R.\ },
  Year = {2013},
  Title = {Facilitating pharmacometric workflow with the {\tt metrumrg}
           package for {R}},
  Journal = {Comput Methods Programs Biomed},
  Month = {Jan},
  Volume = {109},
  Number = {1},
  Pages = {77--85}
}

@article{stan-development-team:2016,
  Author = {{Stan Development Team}},
  Year = {2016},
  Title = {Stan: a {C++} library for probability and sampling, version 2.9.0},
}

@book{ette-williams:2007,
  Author = {Ette, Ene I.\ and Williams, Paul J.\ },
  Year = {2007},
  Title = {Pharmacometrics:  The Science of Quantitative Pharmacology},
  Publisher = {John Wiley \& Sons}
}

@book{schmidt-derendorf:2014,
  Author = {Schmidt, Stephan and Derendorf, Hartmut},
  Year = {2014},
  Title = {Applied Pharmacometrics},
  Publisher = {Springer},
  Volume = {14}
}

@article{peterson-rigg:2010,
  Author = {Peterson, Mark C.\ and Riggs, Matthew M.\ },
  Year = {2010},
  Title = {A physiologically based mathematical model of
           integrated calcium homeostasis and bone remodeling},
  Journal = {Bone},
  Number = {1},
  Pages = {49--63},
  Volume = {46}
}

@article{baron-et-al:2013,
  Author = {Baron, Kyle and Riggs, Matthew M.\ and Sawamura, Ryoko 
            and Shimizu, Takako and Okada, Fumihiko and Zhou, Jin 
            and Shibayama, Takahiro and Jansen, Mendel},
  Year = {2013},
   Title = {An evaluation of calcilytic effects on parathyroid 
            hormone and bone mineral density response using a 
            physiologically-based, multiscale systems pharmacology model},
  Journal = {Journal of Bone and Mineral Research},
  Volume = {28},
  Number = {S1}
}

@article{gelman-et-al:1996,
  Author = {Gelman, Andrew and Bois, Frederic and Jiang, Jiming},
  Year = {1996},
  Title = {Physiological pharmacokinetic analysis using 
           population modeling and informative prior distributions},
  Journal = {Journal of the American Statistical Association},
  Volume = {91},
  Number = {436},
  Pages = {1400--1412}
}

@article{leclerc-et-al:2016,
  Author = {Leclerc, Eric and Hamon, Jeremy and Bois, Frederic Yves},
  Year = {2016},
  Title = {Investigation of ifosfamide and chloroacetaldehyde 
           renal toxicity through integration of in vitro
           liver-kidney microfluidic data and pharmacokinetic-system 
           biology models},
  Journal = {Journal of Applied Toxicology},
  Volume = {36},
  Number = {2},
  Pages = {330--339}
}

@article{byrne-hindmarsh:1975,
  Author = {Byrne, George D.\ and Hindmarsh, Alan C.\ },
  Year = {1975},
  Title = {A polyalgorithm for the numerical solution of ordinary
           differential equations},
  Journal = {ACM Transactions on Mathematical Software (TOMS)},
  Volume = {1},
  Number = {1},
  Pages = {71--96}
}

@article{hindmarsh-et-al:2005,
  Author = {Hindmarsh, Alan C and Brown, Peter N and Grant, 
            Keith E and Lee, Steven L and Serban, Radu and
           Shumaker,  Dan E and Woodward, Carol S},
  Year = {2005},
  Title = {{S}undials: Suite of nonlinear and differential/algebraic
           equation solvers},
  Journal = {ACM Transactions on Mathematical Software (TOMS)},
  Volume = {31},
  Number = {3},
  Pages = {363--396}
}

@book{aubert-kornprobst:2006,
  Author = {Aubert, Gilles and Kornprobst, Pierre},
  Year = {2006},
  Title = {Mathematical Problems in Image Processing: Partial 
           Differential Equations and the Calculus of Variations},
  Edition = {second},
  Publisher = {Springer Science \& Business Media},
  Volume = {147}
}

@book{bovik:2010,
  Author = {Bovik, Alan C},
  Title = {Handbook of Image and Video Processing},
  Year = {2010},
  Edition = {second},
  Publisher = {Academic press}
}
